@book{goldston1995introduction,
  title={Introduction to Plasma Physics},
  author={Goldston, R.J. and Rutherford, P.H.},
  isbn={9780750303255},
  lccn={lc95037117},
  series={Introduction to Plasma Physics},
  year={1995},
  publisher={Taylor \& Francis}
}
